%% This BibTeX bibliography file was created using BibDesk.
%% http://bibdesk.sourceforge.net/


%% Created for wcornwell at 2013-02-18 09:50:06 -0500 


%% Saved with string encoding Unicode (UTF-8) 



@article{apweb,
	Author = {Stevens, P. F.},
	Date-Added = {2013-02-18 09:30:45 -0500},
	Date-Modified = {2013-02-18 09:50:06 -0500},
	Journal = {Version 12, July 2012 },
	Title = {onwards. Angiosperm Phylogeny Website.},
	Volume = {[and more or less continuously updated since].},
	Year = {2001}}

@article{ThePlantList,
	Author = {{{The Plant List}}},
	Date-Added = {2013-02-17 18:37:34 -0500},
	Date-Modified = {2013-02-17 19:02:56 -0500},
	Journal = {{{http://www.theplantlist.org/}}},
	Title = {Version 1.1. Published on the Internet.},
	Volume = {accessed 11 March},
	Year = {2014}}

@article{sinnott1915evolution,
	Author = {Sinnott, Edmund W and Bailey, Irving W},
	Date-Added = {2013-02-17 14:04:22 -0500},
	Date-Modified = {2013-02-17 14:04:22 -0500},
	Journal = {The Journal of Geology},
	Number = {4},
	Pages = {289--306},
	Publisher = {JSTOR},
	Title = {The Evolution of Herbaceous Plants and Its Bearing on Certain Problems of Geology and Climatology},
	Volume = {23},
	Year = {1915}}

@article{beaulieuHiddenRates,
author = {Beaulieu, Jeremy M. and O'Meara, Brian C. and Donoghue, Michael J.}, 
title = {Identifying hidden rate changes in the evolution of a binary morphological character: the evolution of plant habit in campanulid angiosperms},
volume={62},
pages={725--737},
year = {2013}, 
doi = {10.1093/sysbio/syt034}, 
URL = {http://sysbio.oxfordjournals.org/content/early/2013/05/14/sysbio.syt034.abstract}, 
eprint = {http://sysbio.oxfordjournals.org/content/early/2013/05/14/sysbio.syt034.full.pdf+html}, 
journal = {Systematic Biology} 
}

@article{scotland2004significance,
	Author = {Scotland, Robert W and Sanderson, Michael J},
	Date-Added = {2013-02-17 11:35:35 -0500},
	Date-Modified = {2013-02-17 11:35:35 -0500},
	Journal = {Science},
	Number = {5658},
	Pages = {643--643},
	Publisher = {American Association for the Advancement of Science},
	Title = {The significance of few versus many in the tree of life},
	Volume = {303},
	Year = {2004}}

@article{smith2009life,
	Author = {Smith, Stephen A and Beaulieu, Jeremy M},
	Date-Added = {2013-02-15 14:59:28 -0500},
	Date-Modified = {2013-02-15 14:59:28 -0500},
	Journal = {Proceedings of the Royal Society B: Biological Sciences},
	Number = {1677},
	Pages = {4345--4352},
	Publisher = {The Royal Society},
	Title = {Life history influences rates of climatic niche evolution in flowering plants},
	Volume = {276},
	Year = {2009}}

@article{smith2008rates,
	Author = {Smith, Stephen A and Donoghue, Michael J},
	Date-Added = {2013-02-15 14:59:19 -0500},
	Date-Modified = {2013-02-15 14:59:19 -0500},
	Journal = {Science},
	Number = {5898},
	Pages = {86--89},
	Publisher = {American Association for the Advancement of Science},
	Title = {Rates of molecular evolution are linked to life history in flowering plants},
	Volume = {322},
	Year = {2008}}

@article{kattge2011try,
	Author = {Kattge, Jens and Diaz, Sandra and Lavorel, Sandra and Prentice, IC and Leadley, P and B{\"o}nisch, G and Garnier, Eric and Westoby, Mark and Reich, Peter B and Wright, IJ and others},
	Date-Added = {2013-02-14 16:05:40 -0500},
	Date-Modified = {2013-02-14 16:05:40 -0500},
	Journal = {Global Change Biology},
	Number = {9},
	Pages = {2905--2935},
	Publisher = {Wiley Online Library},
	Title = {TRY--a global database of plant traits},
	Volume = {17},
	Year = {2011}}

@article{smith2011understanding,
	Author = {Smith, Stephen A and Beaulieu, Jeremy M and Stamatakis, Alexandros and Donoghue, Michael J},
	Date-Added = {2013-02-14 16:05:21 -0500},
	Date-Modified = {2013-02-14 16:05:21 -0500},
	Journal = {American Journal of Botany},
	Number = {3},
	Pages = {404--414},
	Publisher = {Botanical Soc America},
	Title = {Understanding angiosperm diversification using small and large phylogenetic trees},
	Volume = {98},
	Year = {2011}}

@article{westoby2002plant,
	Author = {Westoby, Mark and Falster, Daniel S and Moles, Angela T and Vesk, Peter A and Wright, Ian J},
	Date-Added = {2013-02-14 16:03:09 -0500},
	Date-Modified = {2013-02-14 16:03:09 -0500},
	Journal = {Annual review of ecology and systematics},
	Pages = {125--159},
	Publisher = {JSTOR},
	Title = {Plant ecological strategies: some leading dimensions of variation between species},
	Year = {2002}}

@article{weiher2009challenging,
	Author = {Weiher, Evan and Werf, Adrie and Thompson, Ken and Roderick, Michael and Garnier, Eric and Eriksson, Ove},
	Date-Added = {2013-02-14 16:02:59 -0500},
	Date-Modified = {2013-02-14 16:02:59 -0500},
	Journal = {Journal of Vegetation Science},
	Number = {5},
	Pages = {609--620},
	Publisher = {Wiley Online Library},
	Title = {Challenging Theophrastus: a common core list of plant traits for functional ecology},
	Volume = {10},
	Year = {2009}}

@article{grime1979plant,
	Author = {Grime, John Philip and others},
	Date-Added = {2013-02-14 16:02:00 -0500},
	Date-Modified = {2013-02-14 16:02:00 -0500},
	Journal = {Plant strategies and vegetation processes.},
	Publisher = {John Wiley and Sons.},
	Title = {Plant strategies and vegetation processes.},
	Year = {1979}}

@article{govaerts2001many,
	Author = {Govaerts, Rafael},
	Date-Added = {2013-02-14 15:59:02 -0500},
	Date-Modified = {2013-02-14 15:59:02 -0500},
	Journal = {Taxon},
	Pages = {1085--1090},
	Publisher = {JSTOR},
	Title = {How many species of seed plants are there?},
	Year = {2001}}

@article{stork1993many,
	Author = {Stork, Nigel E},
	Date-Added = {2013-02-14 15:58:58 -0500},
	Date-Modified = {2013-02-14 15:58:58 -0500},
	Journal = {Biodiversity and Conservation},
	Number = {3},
	Pages = {215--232},
	Publisher = {Springer},
	Title = {How many species are there?},
	Volume = {2},
	Year = {1993}}

@article{erwin1991many,
	Author = {Erwin, Terry L},
	Date-Added = {2013-02-14 15:58:41 -0500},
	Date-Modified = {2013-02-14 15:58:41 -0500},
	Journal = {Conservation Biology},
	Number = {3},
	Pages = {330--333},
	Publisher = {Wiley Online Library},
	Title = {How many species are there?: Revisited},
	Volume = {5},
	Year = {1991}}

@article{may1988many,
	Author = {May, Robert M and others},
	Date-Added = {2013-02-14 15:58:24 -0500},
	Date-Modified = {2013-02-14 15:58:24 -0500},
	Journal = {Science},
	Number = {4872},
	Pages = {1441--1449},
	Title = {How many species are there on earth?.},
	Volume = {241},
	Year = {1988}}

@book{theophrastus1916enquiry,
	Author = {Theophrastus},
	Publisher = {Harvard University Press},
	Title = {Enquiry Into Plants, Translated by A.F. Hort},
	Year = 1916}

@article{gerrienne2011simple,
	Author = {Gerrienne, Philippe and Gensel, Patricia G and Strullu-Derrien, Christine and Lardeux, Hubert and Steemans, Philippe and Prestianni, Cyrille},
	Date-Added = {2013-02-14 15:53:39 -0500},
	Date-Modified = {2013-02-14 15:53:39 -0500},
	Journal = {Science},
	Number = {6044},
	Pages = {837--837},
	Publisher = {American Association for the Advancement of Science},
	Title = {A simple type of wood in two Early Devonian plants},
	Volume = {333},
	Year = {2011}}

@article{mora2011plos,
	Author = {Mora, Camilo AND Tittensor, Derek P. AND Adl, Sina AND Simpson, Alastair G. B. AND Worm, Boris},
	Doi = {10.1371/journal.pbio.1001127},
	Journal = {PLoS Biol},
	Month = {08},
	Number = {8},
	Pages = {e1001127},
	Publisher = {Public Library of Science},
	Title = {How Many Species Are There on Earth and in the Ocean?},
	Url = {http://dx.doi.org/10.1371%2Fjournal.pbio.1001127},
	Volume = {9},
	Year = {2011},
	Bdsk-Url-1 = {http://dx.doi.org/10.1371%2Fjournal.pbio.1001127},
	Bdsk-Url-2 = {http://dx.doi.org/10.1371/journal.pbio.1001127}}

@article{SmithDonoghue,
	Author = {Smith, Stephen A. and Donoghue, Michael J.},
	Doi = {10.1126/science.1163197},
	Eprint = {http://www.sciencemag.org/content/322/5898/86.full.pdf},
	Journal = {Science},
	Number = {5898},
	Pages = {86-89},
	Title = {Rates of Molecular Evolution Are Linked to Life History in Flowering Plants},
	Url = {http://www.sciencemag.org/content/322/5898/86.abstract},
	Volume = {322},
	Year = {2008},
	Bdsk-Url-1 = {http://www.sciencemag.org/content/322/5898/86.abstract},
	Bdsk-Url-2 = {http://dx.doi.org/10.1126/science.1163197}}

@article{Molesheihgt,
	Author = {Moles, Angela T. and Warton, David I. and Warman, Laura and Swenson, Nathan G. and Laffan, Shawn W. and Zanne, Amy E. and Pitman, Andy and Hemmings, Frank A. and Leishman, Michelle R.},
	Doi = {10.1111/j.1365-2745.2009.01526.x},
	Issn = {1365-2745},
	Journal = {Journal of Ecology},
	Keywords = {climate, latitude, plant ecological strategy, precipitation, temperature},
	Number = {5},
	Pages = {923--932},
	Publisher = {Blackwell Publishing Ltd},
	Title = {Global patterns in plant height},
	Url = {http://dx.doi.org/10.1111/j.1365-2745.2009.01526.x},
	Volume = {97},
	Year = {2009},
	Bdsk-Url-1 = {http://dx.doi.org/10.1111/j.1365-2745.2009.01526.x}}

@article{Cornwellwood,
	Author = {Cornwell, William K. and Cornelissen, Johannes H. C. and Allison, Steven, D. and Bauhus, J\"{u}rgen and Eggleton, Paul and Preston, Caroline M. and Scarff, Fiona and Weedon, James T. and Wirth, Christian and Zanne, Amy E.},
	Doi = {10.1111/j.1365-2486.2009.01916.x},
	Issn = {1365-2486},
	Journal = {Global Change Biology},
	Keywords = {C cycle, carbon, decomposition, fire, microbial decay, termites, wood},
	Number = {10},
	Pages = {2431--2449},
	Publisher = {Blackwell Publishing Ltd},
	Title = {Plant traits and wood fates across the globe: rotted, burned, or consumed?},
	Url = {http://dx.doi.org/10.1111/j.1365-2486.2009.01916.x},
	Volume = {15},
	Year = {2009},
	Bdsk-Url-1 = {http://dx.doi.org/10.1111/j.1365-2486.2009.01916.x}}

@article{wartonarcsine,
	Author = {Warton, David I and Hui, Francis K. C.},
	Journal = {Ecology},
	Number = {1},
	Optannote = {*},
	Optkey = {*},
	Optmonth = {*},
	Optnote = {*},
	Pages = {3-10},
	Title = {The arcsine is asinine: the analysis of proportions in ecology},
	Volume = {92},
	Year = {2011}}

@article{judd1994,
	Author = {W S Judd and R W Sanders and M J Donoghue},
	Journal = {Harvard Papers Botany},
	Pages = {1--51},
	Title = {Angiosperm family pairs: preliminary phylogenetic analyses},
	Volume = 5,
	Year = 1994}

@article{joppa2010,
	Author = {L N Joppa and D L Roberts and S L Pimm},
	Journal = {Proceedings of the Royal Society, Series B},
	Pages = {554--559},
	Title = {How many species of flowering plants are there?},
	Volume = 278,
	Year = 2010}

@article{costello2011,
	Author = {M J Costello and S Wilson and B Houlding},
	Journal = {Systematic Biology},
	Pages = {871--883},
	Title = {Predicting total global species richness using rates of species description and estimates of taxonomic effort},
	Volume = 61,
	Year = 2011}

@article{APG3,
	Author = {{The Angiosperm Phylogeny Group}},
	Doi = {10.1111/j.1095-8339.2009.00996.x},
	Issn = {1095-8339},
	Journal = {Botanical Journal of the Linnean Society},
	Keywords = {angiosperm classification, phylogenetic classification, DNA phylogenetics, classification system, APG system},
	Number = {2},
	Pages = {105--121},
	Publisher = {Blackwell Publishing Ltd},
	Title = {An update of the Angiosperm Phylogeny Group classification for the orders and families of flowering plants: {APG III}},
	Url = {http://dx.doi.org/10.1111/j.1095-8339.2009.00996.x},
	Volume = {161},
	Year = {2009},
	Bdsk-Url-1 = {http://dx.doi.org/10.1111/j.1095-8339.2009.00996.x}}

@manual{R,
	Address = {Vienna, Austria},
	Author = {{R Development Core Team}},
	Note = {{ISBN} 3-900051-07-0},
	Organization = {R Foundation for Statistical Computing},
	Title = {R: A Language and Environment for Statistical Computing},
	Url = {http://www.R-project.org},
	Year = 2013,
	Bdsk-Url-1 = {http://www.R-project.org}}

@Manual{Kew,
  title =	 {Seed Information Database, Version 7.1.  Available
                  from: \texttt{http://data.kew.org/sid}},
  author =	 {{Royal Botanic Gardens Kew}},
  year =	 2008
}

@Article{Zanne,
  author =	 {A E Zanne and D C Tank and W K Cornwell and Jonathan M Eastman and Stephen A Smith and Richard G FitzJohn and Daniel J McGlinn and Brian C O'Meara and Angela T Moles and Peter B. Reich and Dana L Royer and Douglas E Soltis and Peter F Stevens and Mark Westoby and Ian J. Wright and Lonnie Aarssen and Robert I Bertin and Andre Calaminus and Rafael Govaerts and Frank Hemmings and Michelle R. Leishman and Jacek Oleksyn and Pamela S. Solits and Nathan G. Swenson and Laura Warman and Jeremy M. Beaulieu},
  title =	 {Three keys to the radiation of
                  angiosperms into freezing environments},
  journal =	 {Nature},
  year =	 {2014},
  volume = {506},
  pages={89--92}

}

@Book{Hutchinson,
ALTauthor = {•},
editor = {Hutchinson, J},
title = {The Families of Flowering Plants},
publisher = {Clarendon Press, Oxford},
year = {1973},
OPTkey = {•},
volume = {2,3},
OPTnumber = {•},
OPTseries = {•},
OPTaddress = {•},
OPTedition = {•},
OPTmonth = {•},
OPTnote = {•},
OPTannote = {•}
}

@article{shan2012gap,
  title={Gap Filling in the Plant Kingdom---Trait Prediction Using Hierarchical Probabilistic Matrix Factorization},
  author={Shan, Hanhuai and Kattge, Jens and Reich, Peter and Banerjee, Arindam and Schrodt, Franziska and Reichstein, Markus},
  journal={arXiv preprint arXiv:1206.6439},
  year={2012}
}

@book{gray1887elements,
  title={The elements of botany for beginners and for schools},
  author={Gray, Asa},
  year={1887},
  publisher={American Book Company}
}


@article{pennell2013integrative,
  title={An integrative view of phylogenetic comparative methods: connections to population genetics, community ecology, and paleobiology},
  author={Pennell, Matthew W and Harmon, Luke J},
  journal={Annals of the New York Academy of Sciences},
  volume={1289},
  number={1},
  pages={90--105},
  year={2013},
  publisher={Wiley Online Library}
}

@article{pagel1994detecting,
  title={Detecting correlated evolution on phylogenies: a general method for the comparative analysis of discrete characters},
  author={Pagel, Mark},
  journal={Proceedings of the Royal Society of London. Series B: Biological Sciences},
  volume={255},
  number={1342},
  pages={37--45},
  year={1994},
  publisher={The Royal Society}
}

@article{nakagawa2008missing,
  title={Missing inaction: the dangers of ignoring missing data},
  author={Nakagawa, Shinichi and Freckleton, Robert P},
  journal={Trends in Ecology \& Evolution},
  volume={23},
  number={11},
  pages={592--596},
  year={2008},
  publisher={Elsevier}
}

@article{ackerly2000taxon,
  title={Taxon sampling, correlated evolution, and independent contrasts},
  author={Ackerly, David D},
  journal={Evolution},
  volume={54},
  number={5},
  pages={1480--1492},
  year={2000},
  publisher={Wiley Online Library}
}





@article {Swenson2013,
author = {Swenson, Nathan G.},
title = {Phylogenetic imputation of plant functional trait databases},
journal = {Ecography},
publisher = {Blackwell Publishing Ltd},
issn = {1600-0587},
url = {http://dx.doi.org/10.1111/j.1600-0587.2013.00528.x},
doi = {10.1111/j.1600-0587.2013.00528.x},
year = {2014},
voluem={37},
pages={105--110}
}


@article {PEM,
author = {Gu\'{e}nard, Guillaume and Legendre, Pierre and Peres-Neto, Pedro},
title = {Phylogenetic eigenvector maps: a framework to model and predict species traits},
journal = {Methods in Ecology and Evolution},
issn = {2041-210X},
url = {http://dx.doi.org/10.1111/2041-210X.12111},
doi = {10.1111/2041-210X.12111},
keywords = {comparative method, cross-validation, evolutionary models, graph theory, Ornstein–Uhlenbeck process, phylogenetic eigenvectors, phylogenetic modelling, phylogenetic signal, statistical modelling, trait values},
year = {2013},
volume={4},
pages={1120--1131}
}


@article{Pagel1994,
author = {Pagel, Mark}, 
title = {Detecting Correlated Evolution on Phylogenies: A General Method for the Comparative Analysis of Discrete Characters},
volume = {255}, 
number = {1342}, 
pages = {37--45}, 
year = {1994}, 
doi = {10.1098/rspb.1994.0006}, 
URL = {http://rspb.royalsocietypublishing.org/content/255/1342/37.abstract}, 
eprint = {http://rspb.royalsocietypublishing.org/content/255/1342/37.full.pdf+html}, 
journal = {Proceedings of the Royal Society of London. Series B: Biological Sciences} 
}



@article{Lewis2001,
author = {Lewis, Paul O.}, 
title = {A Likelihood Approach to Estimating Phylogeny from Discrete Morphological Character Data},
volume = {50}, 
number = {6}, 
pages = {913--925}, 
year = {2001}, 
doi = {10.1080/106351501753462876}, 
URL = {http://sysbio.oxfordjournals.org/content/50/6/913.abstract}, 
eprint = {http://sysbio.oxfordjournals.org/content/50/6/913.full.pdf+html}, 
journal = {Systematic Biology} 
}

@book{Carlquist1974,
author={Carlquist, S},
title={Island Biology},
publisher={Columbia University Press},
year={1974}
}

@InCollection{Givnish1998,
author={Givnish, T. J.},
title={Adaptive plant evolution on islands: classical patterns, molecular data, new insights},
booktitle={Evolution on Islands},
publisher={Oxford University Press},
year={1998},
pages={281--304},
editor={P Grant}
}

@article {Pakeman2013,
author = {Pakeman, Robin J},
title = {Functional trait metrics are sensitive to the completeness of the species’ trait data?},
journal = {Methods in Ecology and Evolution},
issn = {2041-210X},
url = {http://dx.doi.org/10.1111/2041-210X.12136},
doi = {10.1111/2041-210X.12136},
keywords = {Functional dispersion, functional divergence, functional evenness, functional richness, plant functional traits, Rao's entropy, trait sampling},
year = {2014},
volume={5},
pages={9--15}
}

@article{Groover2005,
title = "What genes make a tree a tree? ",
journal = "Trends in Plant Science",
volume = "10",
number = "5",
pages = "210--214",
year = "2005",
issn = "1360-1385",
doi = "http://dx.doi.org/10.1016/j.tplants.2005.03.001",
url = "http://www.sciencedirect.com/science/article/pii/S1360138505000531",
author = "Andrew T. Groover"
}

@article {Spicer2010,
author = {Spicer, Rachel and Groover, Andrew},
title = {Evolution of development of vascular cambia and secondary growth},
journal = {New Phytologist},
volume = {186},
number = {3},
publisher = {Blackwell Publishing Ltd},
issn = {1469-8137},
url = {http://dx.doi.org/10.1111/j.1469-8137.2010.03236.x},
doi = {10.1111/j.1469-8137.2010.03236.x},
pages = {577--592},
keywords = {forest trees, genomics, Populus, wood anatomy, wood formation},
year = {2010},
}

@article {Rowe2012,
author = {Rowe, Nick and Paul-Victor, Clo\'{e}},
title = {Herbs and secondary woodiness --- keeping up the cambial habit},
journal = {New Phytologist},
volume = {193},
number = {1},
publisher = {Blackwell Publishing Ltd},
issn = {1469-8137},
url = {http://dx.doi.org/10.1111/j.1469-8137.2011.03980.x},
doi = {10.1111/j.1469-8137.2011.03980.x},
pages = {3--5},
keywords = {Arabidopsis, cambium, evolution, genes, growth forms, herbs, heterochrony, secondary woodiness},
year = {2012},
}

@article{Soltis2011,
author = {Soltis, Douglas E. and Smith, Stephen A. and Cellinese, Nico and Wurdack, Kenneth J. and Tank, David C. and Brockington, Samuel F. and Refulio-Rodriguez, Nancy F. and Walker, Jay B. and Moore, Michael J. and Carlsward, Barbara S. and Bell, Charles D. and Latvis, Maribeth and Crawley, Sunny and Black, Chelsea and Diouf, Diaga and Xi, Zhenxiang and Rushworth, Catherine A. and Gitzendanner, Matthew A. and Sytsma, Kenneth J. and Qiu, Yin-Long and Hilu, Khidir W. and Davis, Charles C. and Sanderson, Michael J. and Beaman, Reed S. and Olmstead, Richard G. and Judd, Walter S. and Donoghue, Michael J. and Soltis, Pamela S.}, 
title = {Angiosperm phylogeny: 17 genes, 640 taxa},
volume = {98}, 
number = {4}, 
pages = {704-730}, 
year = {2011}, 
doi = {10.3732/ajb.1000404},  
URL = {http://www.amjbot.org/content/98/4/704.abstract}, 
eprint = {http://www.amjbot.org/content/98/4/704.full.pdf+html}, 
journal = {American Journal of Botany} 
}

@Misc{FitzJohnDryad,
  author =	 {R G FitzJohn and M W Pennell and A E Zanne and P F
                  Stevens and D C Tank and W K Cornwell},
  title =	 {{Data from: How much of the world is woody?  Journal
                  of Ecology.  Dryad Digital Repository.
                  doi:10.5061/dryad.v7m14}},
  year =	 2014
}

@Misc{ZanneDryad,
  author =	 {A E Zanne and D C Tank and W K Cornwell and Jonathan
                  M Eastman and Stephen A Smith and Richard G FitzJohn
                  and Daniel J McGlinn and Brian C O'Meara and Angela
                  T Moles and Peter B. Reich and Dana L Royer and
                  Douglas E Soltis and Peter F Stevens and Mark
                  Westoby and Ian J. Wright and Lonnie Aarssen and
                  Robert I Bertin and Andre Calaminus and Rafael
                  Govaerts and Frank Hemmings and Michelle R. Leishman
                  and Jacek Oleksyn and Pamela S. Solits and Nathan
                  G. Swenson and Laura Warman and Jeremy M. Beaulieu},
  title =	 {{Data from: Three keys to the radiation of
                  angiosperms into freezing environments. Dryad
                  Digital Repository. doi:10.5061/dryad.63q27.2}},
  year =	 2013
}
